<?xml version="1.0" encoding="UTF-8"?>
<SOAP-ENV:Envelope xmlns:SOAP-ENV="http://schemas.xmlsoap.org/soap/envelope/" xmlns:mx="http://www.loc.gov/MARC21/slim" xmlns:of="http://oss.dbc.dk/ns/openformat"><SOAP-ENV:Body><of:formatResponse><marc21><mx:record format="MARC21" type="Bibliographic"><mx:leader>00000dam a22000004c 4500</mx:leader><mx:controlfield tag="007">cr||||</mx:controlfield><mx:controlfield tag="008">000000s2013    gw |||| ob    00||0 eng|d</mx:controlfield><mx:datafield ind1="1" ind2=" " tag="029"><mx:subfield code="a">DKDLA</mx:subfield><mx:subfield code="b">810015-katalog:008544663</mx:subfield></mx:datafield><mx:datafield ind1=" " ind2=" " tag="040"><mx:subfield code="a">DKDLA</mx:subfield><mx:subfield code="b">dan</mx:subfield><mx:subfield code="c">DKDLA</mx:subfield></mx:datafield><mx:datafield ind1=" " ind2=" " tag="043"><mx:subfield code="a">e-ne---</mx:subfield></mx:datafield><mx:datafield ind1=" " ind2=" " tag="049"><mx:subfield code="a">DK-190101</mx:subfield></mx:datafield><mx:datafield ind1=" " ind2="4" tag="082"><mx:subfield code="a">610.92</mx:subfield><mx:subfield code="2">23</mx:subfield></mx:datafield><mx:datafield ind1="0" ind2="0" tag="245"><mx:subfield code="a">Nicolaus Steno :</mx:subfield><mx:subfield code="b">biography and original papers of a 17th Century Scientist /</mx:subfield><mx:subfield code="c">Troels Kardel, Paul Maquet, editors ; edited and translated by Troels Kardel and Paul Maquet</mx:subfield></mx:datafield><mx:datafield ind1=" " ind2=" " tag="260"><mx:subfield code="a">Berlin :</mx:subfield><mx:subfield code="b">Springer,</mx:subfield><mx:subfield code="c">2013 ;</mx:subfield><mx:subfield code="a">New York</mx:subfield></mx:datafield><mx:datafield ind1=" " ind2=" " tag="504"><mx:subfield code="a">Includes bibliographical references and indexes.</mx:subfield></mx:datafield><mx:datafield ind1="1" ind2="4" tag="600"><mx:subfield code="a">Steno, Nicolaus,</mx:subfield><mx:subfield code="d">1638-1686</mx:subfield></mx:datafield><mx:datafield ind1="2" ind2="4" tag="610"><mx:subfield code="a">Catholic Church</mx:subfield><mx:subfield code="v">Biography</mx:subfield><mx:subfield code="x">Bishops</mx:subfield></mx:datafield><mx:datafield ind1=" " ind2="0" tag="650"><mx:subfield code="a">Anatomists</mx:subfield><mx:subfield code="z">Netherlands</mx:subfield><mx:subfield code="v">Biography</mx:subfield></mx:datafield><mx:datafield ind1=" " ind2="0" tag="650"><mx:subfield code="a">Geologists</mx:subfield><mx:subfield code="z">Netherlands</mx:subfield><mx:subfield code="v">Biography</mx:subfield></mx:datafield><mx:datafield ind1=" " ind2="0" tag="650"><mx:subfield code="a">Scientists</mx:subfield><mx:subfield code="z">Netherlands</mx:subfield><mx:subfield code="x">History</mx:subfield><mx:subfield code="y">17th century</mx:subfield></mx:datafield><mx:datafield ind1=" " ind2=" " tag="653"><mx:subfield code="a">Geography.</mx:subfield></mx:datafield><mx:datafield ind1=" " ind2=" " tag="653"><mx:subfield code="a">Geology.</mx:subfield></mx:datafield><mx:datafield ind1=" " ind2=" " tag="653"><mx:subfield code="a">Human anatomy.</mx:subfield></mx:datafield><mx:datafield ind1=" " ind2=" " tag="653"><mx:subfield code="a">Earth Sciences.</mx:subfield></mx:datafield><mx:datafield ind1="1" ind2=" " tag="700"><mx:subfield code="a">Kardel, Troels</mx:subfield></mx:datafield><mx:datafield ind1="1" ind2=" " tag="700"><mx:subfield code="a">Maquet, Paul</mx:subfield></mx:datafield></mx:record><hs activity="delete">DKDLA</hs><hasLHR>false</hasLHR></marc21></of:formatResponse></SOAP-ENV:Body></SOAP-ENV:Envelope>
